<record><leader>00000cas a22000007a 4500</leader><controlfield tag="001">13691393</controlfield><controlfield tag="008">860605d19091911pauwr ne      0    0eng d</controlfield><datafield ind1=" " ind2=" " tag="010"><subfield code="a">sn 86081513 </subfield></datafield><datafield ind1=" " ind2=" " tag="040"><subfield code="a">NPH</subfield><subfield code="b">eng</subfield><subfield code="c">NPH</subfield><subfield code="d">OCLCQ</subfield></datafield><datafield ind1="0" ind2=" " tag="130"><subfield code="a">Oval ledger (Oval, Pa. : 1909)</subfield></datafield><datafield ind1="1" ind2="4" tag="245"><subfield code="a">The Oval ledger.</subfield></datafield><datafield ind1=" " ind2=" " tag="260"><subfield code="a">Oval, Pa. :</subfield><subfield code="b">H.J. Moore,</subfield><subfield code="c">-1911.</subfield></datafield><datafield ind1=" " ind2=" " tag="300"><subfield code="a">v. :</subfield><subfield code="b">ill. ;</subfield><subfield code="c">56 cm.</subfield></datafield><datafield ind1=" " ind2=" " tag="310"><subfield code="a">Weekly</subfield></datafield><datafield ind1="1" ind2=" " tag="362"><subfield code="a">Began in Jan. 1909?</subfield></datafield><datafield ind1="0" ind2=" " tag="362"><subfield code="a">-v. 22, no. 9 (Sept. 7, 1911).</subfield></datafield><datafield ind1=" " ind2=" " tag="500"><subfield code="a">Published every Thursday.</subfield></datafield><datafield ind1=" " ind2=" " tag="588"><subfield code="a">Description based on: Vol. 19, no. 20 (Jan. 7, 1909).</subfield></datafield><datafield ind1=" " ind2=" " tag="752"><subfield code="a">United States</subfield><subfield code="b">Pennsylvania</subfield><subfield code="c">Lycoming</subfield><subfield code="d">Oval.</subfield></datafield><datafield ind1="0" ind2="0" tag="780"><subfield code="t">Ledger (Oval, Pa. : 1906)</subfield><subfield code="w">(DLC)sn 86081512</subfield></datafield><datafield ind1="0" ind2="0" tag="785"><subfield code="t">Ledger (Oval, Pa. : 1911)</subfield><subfield code="w">(DLC)sn 86081514</subfield></datafield></record>